@inproceedings{jiang2025anatomy,
  title={Anatomy-Guided Multitask Learning for MRI-Based Classification of Placenta Accreta Spectrum and Its Subtypes},
  author={Hai Jiang, Qiongting Liu, Yuanpin Zhou, Jiawei Pan, Ting Song and Yao Lu},
  booktitle={2025 IEEE 22th International Symposium on Biomedical Imaging (ISBI 2025)},
  pages={accepted},
  year={2025},
  organization={IEEE}
}